@STRING( EL = "Electronics Letters"
)

@STRING( ICL = "IEEE Communications Letters"
)

@STRING( ICM = "IEEE Communications Magazine"
)

@STRING( IJSAC = "IEEE Journal on Selected Areas of Communication"
)

@STRING( IJSC = "International Journal of Satellite Communications"
)

@STRING( ITC = "IEEE Transactions on Communications"
)

@STRING( ITIT = "IEEE Transactions on Information Theory"
)

@STRING( ITVT = "IEEE Transactions on Vehicular Technology"
)

@INPROCEEDINGS{6852853,
  author={Yiping, Zou and Jian, Guo and Ruilei, Zhang and Qingwei, Chen},
  booktitle={The 26th Chinese Control and Decision Conference (2014 CCDC)}, 
  title={A SRT-based path planning algorithm in unknown complex environment}, 
  year={2014},
  volume={},
  number={},
  pages={3857-3862},
  doi={10.1109/CCDC.2014.6852853}
}

@INPROCEEDINGS{8300385,
  author={Wickramaarachchi, W. H. C. and Chamikara, M. A. P. and Ratnayake, R. A. C. H.},
  booktitle={2017 IEEE International Conference on Industrial and Information Systems (ICIIS)}, 
  title={Towards implementing efficient autonomous vacuum cleaning systems}, 
  year={2017},
  volume={},
  number={},
  pages={1-6},
  doi={10.1109/ICIINFS.2017.8300385}
}

@INPROCEEDINGS{6850799,
  author={Hasan, Kazi Mahmud and Abdullah-Al-Nahid and Reza, Khondker Jahid},
  booktitle={2014 International Conference on Informatics, Electronics   Vision (ICIEV)}, 
  title={Path planning algorithm development for autonomous vacuum cleaner robots}, 
  year={2014},
  volume={},
  number={},
  pages={1-6},
  doi={10.1109/ICIEV.2014.6850799}
}

@article{sugiura,
    author={Sugiura, K. and Matustani. H},
    title={Particle Filter-based vs. Graph-based: SLAM Acceleration on Low-end FPGAs},
    year={2021},
    journal={arXiv},
    doi={2103.09523}
}

@INPROCEEDINGS{6393370,
  author={Han, Young-Min and Jeong, Jin-Beom and Kim, Jung-Ha},
  booktitle={2012 12th International Conference on Control, Automation and Systems}, 
  title={Quadtree based path planning for Unmanned Ground Vehicle in unknown environments}, 
  year={2012},
  volume={},
  number={},
  pages={992-997},
  doi={}
}

@ARTICLE{9178471,
  author={Chen, Dunjin and Weng, Jian and Huang, Feiran and Zhou, Jian and Mao, Yijun and Liu, Xiaodong},
  journal={IEEE Transactions on Vehicular Technology}, 
  title={Heuristic Monte Carlo Algorithm for Unmanned Ground Vehicles Realtime Localization and Mapping}, 
  year={2020},
  volume={69},
  number={10},
  pages={10642-10655},
  doi={10.1109/TVT.2020.3019581}
}

@INPROCEEDINGS{9296641,
  author={Ju, Chunyu and Luo, Qinghua and Yan, Xiaozhen},
  booktitle={2020 11th International Conference on Prognostics and System Health Management (PHM-2020 Jinan)}, 
  title={Path Planning Using an Improved A-star Algorithm}, 
  year={2020},
  volume={},
  number={},
  pages={23-26},
  doi={10.1109/PHM-Jinan48558.2020.00012}
}

@ARTICLE{8329210,
  author={Chen, Long and Shan, Yunxiao and Tian, Wei and Li, Bijun and Cao, Dongpu},
  journal={IEEE/ASME Transactions on Mechatronics}, 
  title={A Fast and Efficient Double-Tree RRT<inline-formula><tex-math notation="LaTeX">$^*$</tex-math></inline-formula>-Like Sampling-Based Planner Applying on Mobile Robotic Systems}, 
  year={2018},
  volume={23},
  number={6},
  pages={2568-2578},
  doi={10.1109/TMECH.2018.2821767}
}

@INPROCEEDINGS{1302457,
  author={Oriolo, G. and Vendittelli, M. and Freda, L. and Troso, G.},
  booktitle={IEEE International Conference on Robotics and Automation, 2004. Proceedings. ICRA '04. 2004}, 
  title={The SRT method: randomized strategies for exploration}, 
  year={2004},
  volume={5},
  number={},
  pages={4688-4694 Vol.5},
  doi={10.1109/ROBOT.2004.1302457}
}

@INPROCEEDINGS{613851,
  author={Yamauchi, B.},
  booktitle={Proceedings 1997 IEEE International Symposium on Computational Intelligence in Robotics and Automation CIRA'97. 'Towards New Computational Principles for Robotics and Automation'}, 
  title={A frontier-based approach for autonomous exploration}, 
  year={1997},
  volume={},
  number={},
  pages={146-151},
  doi={10.1109/CIRA.1997.613851}
}

@INPROCEEDINGS{8616217,
  author={Chan, Shao-Hung and Wu, Ping-Tsang and Fu, Li-Chen},
  booktitle={2018 IEEE International Conference on Systems, Man, and Cybernetics (SMC)}, 
  title={Robust 2D Indoor Localization Through Laser SLAM and Visual SLAM Fusion}, 
  year={2018},
  volume={},
  number={},
  pages={1263-1268},
  doi={10.1109/SMC.2018.00221}
}

@INPROCEEDINGS{7353366,
  author={Caruso, David and Engel, Jakob and Cremers, Daniel},
  booktitle={2015 IEEE/RSJ International Conference on Intelligent Robots and Systems (IROS)}, 
  title={Large-scale direct SLAM for omnidirectional cameras}, 
  year={2015},
  volume={},
  number={},
  pages={141-148},
  doi={10.1109/IROS.2015.7353366}
}

@INPROCEEDINGS{8904029,
  author={Harindranath, Aparna and Arora, Manish},
  booktitle={2018 International Conference on Networking, Embedded and Wireless Systems (ICNEWS)}, 
  title={MEMS IMU Sensor Orientation Algorithms-Comparison in a Simulation Environment}, 
  year={2018},
  volume={},
  number={},
  pages={1-6},
  doi={10.1109/ICNEWS.2018.8904029}
}

@INPROCEEDINGS{9129529,
  author={Milijaš, Robert and Oršulić, Juraj and Bogdan, Stjepan},
  booktitle={2020 IEEE International Instrumentation and Measurement Technology Conference (I2MTC)}, 
  title={When measurements fail: using an interactive SLAM solution to fight bad odometry}, 
  year={2020},
  volume={},
  number={},
  pages={1-6},
  doi={10.1109/I2MTC43012.2020.9129529}
}

@ARTICLE{4608934,
  author={Mahony, Robert and Hamel, Tarek and Pflimlin, Jean-Michel},
  journal={IEEE Transactions on Automatic Control}, 
  title={Nonlinear Complementary Filters on the Special Orthogonal Group}, 
  year={2008},
  volume={53},
  number={5},
  pages={1203-1218},
  doi={10.1109/TAC.2008.923738}
}

@book{burgard_mr,
    author={Wolfram Burgard},
    chapter={Grid Maps and Mapping With Known Poses},
    title={Introduction to Mobile Robotics},
    publisher={University of Freiburg},
    year={2012}
}